% Encoding: UTF-8
@book{Cormen2009,
 author = {Cormen, Thomas H. and Leiserson, Charles E. and Rivest, Ronald L. and Stein, Clifford},
 title = {Introduction to Algorithms, Third Edition},
 year = {2009},
 isbn = {0262033844, 9780262033848},
 edition = {3rd},
 publisher = {The MIT Press},
}

@book{Knuth1986,
 author = {Knuth, Donald E.},
 title = {The TeXbook},
 year = {1986},
 isbn = {0201134470},
 publisher = {Addison-Wesley Professional},
} 

@unpublished{Short2015,
  added-at = {2017-09-30T15:41:17.000+0200},
  author = {Oetiker, Tobias and Partl, Hubert and Hyna, Irene and Schlegl, Elisabeth},
  biburl = {https://www.bibsonomy.org/bibtex/2d8763a6b0d13f0966b49cf9be70c1888/dirtyhawk},
  edition = {5.05},
  interhash = {d13e5a8fe2fb23d05c377a6707a352eb},
  intrahash = {d8763a6b0d13f0966b49cf9be70c1888},
  keywords = {latex},
  subtitle = {Or \LaTeXe in 157 minutes},
  timestamp = {2017-09-30T15:57:00.000+0200},
  title = {The Not So Short Introduction to \LaTeXe},
  url = {http://www.ctan.org/tex-archive/info/lshort/english/},
  urldate = {2017-09-30},
  year = 2015
}
@MastersThesis{Carvalho2004,
  author = {Fernando Ferreira de Carvalho},
  school = {Universidade Federal de Pernambuco},
  title  = {Avaliação estocástica de consumo de energia no projeto de sistemas embarcados},
  year   = {2004},
}

@Article{Coutinho2014,
  author = {Gustavo Leuzinger Coutinho},
  title  = {{A era dos smartphones: um estudo exploratório sobre o uso dos smartphones no Brasil}},
  year   = {2014},
  school = {Universidade de Brasília},
}

@Article{Silva2017,
  author = {Derlone Araújo Jarcelon Silva},
  title  = {Desenvolvimento e construção de processadores: Uma breve história da micro a nanotecnologia},
  year   = {2017},
  school = {Universidade Federal do Maranhão},
}

@Article{Ross2019,
  author = {Angelo Borsoi Ross},
  title  = {Uso da computação em névoa para coleta de dados em cidades inteligentes - Trabalho de conclusão de curso},
  year   = {2019},
  school = {Universidade Tecnológica Federal do Paraná},
}

@misc{web:lang:stats,
  author = {W3Techs},
  title = {Usage Statistics of Content Languages
           for Websites},
  year = {2017},
  note = {Last accessed 16 September 2017},
  url = {http://w3techs.com/technologies/overview/content_language/all}
}

@phdthesis{Carvalho2004,
    title    = {Avaliação estocástica de consumo de energia no projeto de sistemas embarcados},
    school   = {Universidade Federal de Pernambuco - UFPE},
    author   = {CARVALHO, Fernando},
    year     = {2004}
}

@phdthesis{Coutinho2014,
    title    = {A era dos smartphones um estudo exploratório sobre o uso dos smartphones no Brasil - Trabalho de Conclusão de Curso (Graduação)},
    school   = {Universidade de Brasilía - UnB},
    author   = {COUTINHO, Gustavo},
    year     = {2014}
}

@Comment{jabref-meta: databaseType:bibtex;}
